@Article{COMP:Moore65,
	author = {Moore, G. E.},
	title = {Cramming more components onto integrated circuits},
	journal = {Electronics},
	volume = 38,
	number = 8,
	year = 1965,
	jtag = {Moores Law}
}

@article{COMP:SWIG,
   Author = {D. M. Beazley},
   Title = {Using SWIG to Control, Prototype, and Debug C Programs with Python},
   Journal = {Proceedings of the 4th International Python Conference,Lawrence Livermore National Laboratory},
      Year = {1996} }