
@article{
honig1987,
   Author = {Gilson, M. K. and  Honig, B. H.},
   Title = {Calculation of electrostatic potentials in an enzyme active site},
   Journal = {Nature},
   Volume = {330},
   Pages = {84-86},
      Year = {1987} }


@article{
Warwicker1982,
   Author = {Warwicker, J. and Watson H. C.},
   Title = {Calculation of the electric potential in the active site cleft due to alpha-helix dipoles},
   Journal = {J. Mol. Biol.},
   Volume = {157},
   Pages = {671–679},
      Year = {1982} }

@article{
hermans1997,
   Author = {J. Hermans and L. Wang},
   Title = {Inclusion of Loss of Translational and Rotational Freedom in Theoretical Estimates of Free Energies of Binding. Application to a Complex of Benzene and Mutant T4 Lysozyme},
   Journal = {J. Am. Chem. Soc.},
   Volume = {119},
   Pages = {2707-2714},
      Year = {1997} }


@article{
metropolis,
   Author = {N. Metropolis and A. W. Rosenbluth and  M. N. Rosenbluth and  A. H. Teller and E. Teller},
   Title = {Equation of State Calculations by Fast Computing Machines},
   Journal = {J. Chem. Phys.},
   Volume = {21},
   Pages = {1087-1092},
      Year = {1953} }

@article{
grub2006,
   Author = {Reinhard, F.; Grubm\"{u}ller, H.},
   Title = {Estimation of absolute solvent and solvation shell entropies},
   Journal = {J. Chem. Phys.},
   Volume = {126},
   Pages = {014102},
      Year = {2007} }






@article{
a1998-3586,
   Author = {   A. D. MacKerell Jr. and  D. Bashford and  M. Bellott and  R. L. Dunbrack and  J. D. Evanseck and 
M. J. Field and  S. Fischer and  J. Gao and  H. Guo and  S. Ha and  D. Joseph-McCarthy and 
L. Kuchnir and  K. Kuczera and  F. T. K. Lau and  C. Mattos and S. Michnick and  T. Ngo and 
D. T. Nguyen and  B. Prodhom and  W. E. Reiher III and  B. Roux and  M. Schlenkrich and 
J. C. Smith and  R. Stote and  J. Straub and  M. Watanabe and  J. Wio\`{r}kiewicz-Kuczera and D. Yin and M. Karplus },
   Title = {All-Atom Empirical Potential for Molecular Modeling and Dynamics Studies of Proteins},
   Journal = {J. Phys. Chem. B},
   Volume = {102},
   Pages = {3586-3616},
      Year = {1998} }

@article{
amber,
   Author = {P. K. Weiner and P. A. Kollman.},
   Title = {AMBER: Assisted model building with energy refinement. A general program for modeling molecules and their interactions.},
   Journal = {J. Comp. Chem.},
   Volume = {2},
   Pages = {287-303},
      Year = {1981} }
      
@article{
charmm,
   Author = {B. R. Brooks and R. E. Bruccoleri and B. D. Olafson and  D. J. States and  S. Swaminathan and M. Karplus.},
   Title = {CHARMM: A program for macromolecular energy, minimization, and dynamics calculations.},
   Journal = {J. Comp. Chem.},
   Volume = {4},
   Pages = {187-217},
      Year = {1983} }
@article{
gromacs,
   Author = {E. Lindahl and  B. Hess and D. van der Spoel},
   Title = {GROMACS 3.0: a package for molecular simulation and trajectory analysis},
Volume = {7}, 
   Journal = {J. Mol. Mod.},
    Pages = {306-317},
     Year = {2001} }
      
@article{
tinker,
   Author = {J. W. Ponder and F. M. Richards},
   Title = {An efficient Newton-like method for molecular mechanics
energy minimization of large molecules.},
   Journal = {J. Comp. Chem.},
   Volume = {8},
   Pages = {1016-1024},
      Year = {1987} }
      
@article{
namd,
   Author = {James C. Phillips and Rosemary Braun and Wei Wang and James Gumbart and Emad Tajkhorshid and  Elizabeth Villa and  Christophe Chipot and  Robert D. Skeel and Laxmikant Kal$\acute{e}$ and Klaus Schulten. },
   Title = {Scalable molecular dynamics with NAMD.},
   Journal = {J. Comp. Chem.},
   Volume = {26},
   Pages = {1781-1802},
      Year = {2005} }



@article{
a1997-849,
   Author = {A. Liwo, S. Odziej M. R. Pincus R. J. Wawak S. Rackovsky H. A. Scheraga},
   Title = {A United-Residue Force Field for Off-Lattice Protein-Structure Simulations. I. Functional Forms and Parameters of Long-Range Side-Chain Interaction Potentials from Protein Crystal Data},
   Journal = {J. Comp. Chem.},
   Volume = {18},
   Pages = {849-873},
      Year = {1997} }




@article{
abagyan1997-363,
   Author = {Abagyan, A. R.},
   Title = {Protein structure prediction by global energy optimization},
   Journal = {Computer Simulation of Biomolecular Systems: Theoretical and Experimental Applications Volume 3 (van Gunsteren, W. F., et al., eds.)},
   Pages = {363-394},
      Year = {1997} }




@article{
andersen1997-2384,
   Author = {Andersen, H. C.},
   Title = {Molecular dynamics simulation at constant pressure and/or temperature},
   Journal = {J. Chem. Phys.},
   Volume = {72},
   Number = {4},
   Pages = {2384-2393},
      Year = {1997} }




@article{
andricioaei2001-6289,
   Author = {Andricioaei, I. and Karplus, M.},
   Journal = {J. Chem. Phys.},
   Title = {On the calculation of entropy from covariance matrices of the atomic fluctuations},
   Volume = {115},
   Pages = {6289-6292},
      Year = {2001} }




@article{
anfinsen1973-223,
   Author = {Anfinsen, C. B.},
   Title = {Principles that govern the folding of protein chains},
   Journal = {Science},
   Volume = {181},
   Pages = {223-230},
      Year = {1973} }




@article{
archontis2001-307,
   Author = {Archontis, G. and Simonson, T. and Karplus, M.},
   Title = {Binding Free Energies and Free Energy Components from Molecular Dynamics and Poisson-Boltzmann Calculations. Application to Amino acid Recognition by Aspartyl-tRNA Synthetase},
   Journal = {J. Mol. Biol.},
   Volume = {306},
   Pages = {307-327},
      Year = {2001} }

@article{
simonson,
   Author = {Simonson, T. and Archontis, G. and Karplus, M.},
   Title = {Free Energy Simulations Come of Age: Protein-Ligand Recognition},
   Journal = {Acc. Chem. Res.},
   Volume = {35},
   Pages = {430-437},
      Year = {2002} }

@article{
bomby3,
   Author = {C. Lautenschlager and W. S. Leal and  J. Clardy},
   Title = {Coil-to-helix transition and ligand release of Bombyx mori pheromone-binding protein},
   Journal = {Biochem. Biophys. Res. Comm.},
   Volume = {335},
   Pages = {1044–1050},
      Year = {2005} }

@article{
bomby2,
   Author = {R. Horst and F. Damberger and  P. Luginb\:uhl and P. G\:untert and G. Peng and L. Nikonova and Walter S. Leal},
   Title = {NMR structure reveals intramolecular regulation
mechanism for pheromone binding and release},
   Journal = {Proc. Natl. Acad. Sci. USA},
   Volume = {98},
   Pages = {14374–14379},
      Year = {2001} }


@article{
ragona2003,
   Author = {L. Ragona and F. Fogolari and M, Catalano and R. Ugolini and L. Zettaand H.  Molinari},
   Title = {EF Loop Conformational Change Triggers Ligand Binding in $\beta$-Lactoglobulins},
   Journal = {J. Biol. Chem.},
   Volume = {278},
   Pages = {38840–38846},
      Year = {2003} }

@article{
sternberg1999,
   Author = {M. J. Betts and M. J. E. Sternberg},
   Title = {An analysis of conformational changes on protein–protein
association: implications for predictive docking},
   Journal = {Protein Engineering},
   Volume = {12},
   Pages = {271–283},
      Year = {1999} }


@article{
kumar,
   Author = {S. Kumar and D. Bouzida and R. H.   Swendsen and  P. A. Kollman and J. M. Rosenberg},
   Title = {The weighted histogram analysis method for free-energy calculations on biomolecules. I. The method},
   Journal = {J. Comput. Chem.},
   Volume = {13},
   Pages = {1011},
      Year = {1992} }


@article{
avijitghosh1998-10983,
   Author = {Avijit Ghosh, Chaya Sendrovic Rapp and Richard A. Friesner},
   Title = {Generalized Born Model Based on a Surface Integral Formulation},
   Journal = {J. Phys. Chem. B},
   Volume = {102},
   Pages = {10983-10990},
      Year = {1998} }




@article{
b1983-187,
   Author = {B. R. Brooks, R. E. Bruccoleri B. D. Olafson D. J. States S. Swaminathan and M. Karplus},
   Title = {CHARMM: A Program for Macromolecular Energy, Minimization, and Dynamics Calculations},
   Journal = {J. Comp. Chem.},
   Volume = {4},
   Pages = {187-217},
      Year = {1983} }

@article{
feig2004,
   Author = {Feig M., Im W. and Brooks III, C. L.},
   Title = {Implicit solvation based on generalized Born theory in different dielectric environments},
   Journal = {J. Chem. Phys},
   Volume = {120},
   Pages = {903-11},
      Year = {2004} }

@article{
sigalov2006,
   Author = {G. Sigalov and  A. Fenley and A. Onufriev},
   Title = {Analytical Linearized Poisson--Boltzmann Approach: Beyond the Generalized Born Approximation},
   Journal = {J. Chem. Phys},
   Volume = {124},
   Pages = {124902},
      Year = {2006} }

@article{
Onufriev2000,
   Author = {A. Onufriev and D. Bashford and D. A. Case},
   Title = {A Modification of the Generalized Born Model Suitable for Macromolecules},
   Journal = {J. Phys. Chem.},
   Volume = {104},
   Pages = {3712},
      Year = {2000} }

@article{
bashford2000,
   Author = {Bashford D., Case D. A.},
   Title = {Generalized born models of macromolecular solvation effects},
   Journal = {Annu. Rev. Phys. Chem.},
   Volume = {51},
   Pages = {129-52},
      Year = {2000} }

@article{
Sitkoff2000,
   Author = {Sitkoff D., Sharp K. A., Honig B.},
   Title = {Accurate Calculation of Hydration Free Energies Using Macroscopic Solvent Models},
   Journal = {J. Phys. Chem.},
   Volume = {98},
   Pages = {1978-1988},
      Year = {1994} }
      
@article{
bash1987-calculation,
   Author = {Bash, P. A. and Singh, U. C. and Brown, F. K. and Langridge, R. and Kollman, P. A.},
   Title = {Calculation of relative change in binding free energy of a protein-inhibitor complex},
   Journal = {Science},
   Volume = {235},
   Pages = {574-576},
      Year = {1987} }


@article{
Holst1993,
   Author = {M. Holst and F. Saied},
   Title = {Multigrid solution of the Poisson-Boltzmann equation},
   Journal = {J. Comp. Chem.},
   Volume = {14},
   Pages = {105-113},
      Year = {1993} }



@article{
Sham2000,
   Author = {Y. Sham and Z. T. Chu and H. Tao and A. Warshel},
   Title = {Examining Methods for Calculations of Binding Free Energies: LRA, LIE, PDLD-LRA and PDLD/S-LRA Calculations of Ligands Binding to an HIV Protease},
   Journal = {Proteins},
   Volume = {39},
   Pages = {393-407},
      Year = {2000} }


@article{
novotny1997,
   Author = {Novotny, J. and Bruccoleri, R. E. and Davis, M. and Sharp, K. A.},
   Title = {Empirical free energy calculations: a blind test and further improvements to the method.},
   Journal = {J. Mol. Biol.},
   Volume = {268},
   Pages = {401-411},
      Year = {1997} }

@article{
Aghosh1998,
   Author = {Aghosh, A. and  Rapp, C. S. and Friesner, R. A.},
   Title = {A generalized Born model based
on a surface integral formulation},
   Journal = {J. Phys. Chem.},
   Volume = {102},
   Pages = {10983–10990},
      Year = {1998} }

@article{
Hawkins1996,
   Author = {Hawkins, G. D. and Cramer, C. J. and Truhlar, D. G.},
   Title = {Parametrized models of
aqueous free energies of solvation based on pairwise descreening
of solute atomic charges from a dielectric medium},
   Journal = {J. Phys. Chem.},
   Volume = {100},
   Pages = {19824–19836},
      Year = {1996} }

@article{
becker1997-topology,
   Author = {Becker, O. M. and Karplus, M.},
   Title = {The topology of multidimensional potential energy surfaces: Theory and application to peptide structure and kinetics},
   Journal = {J. Chem. Phys.},
   Volume = {106},
   Pages = {22},
      Year = {1997} }




@article{
beeman1976-130,
   Author = {Beeman, D.},
   Title = {Some Multistep Methods for Use in Molecular Dynamics Calculations},
   Journal = {J. Comput. Phys.},
   Volume = {20},
   Pages = {130-139},
      Year = {1976} }



@article{
berendsen1984-3684,
   Author = {Berendsen, H. J. C. and  Postma, J. P. M. and  van Gunsteren, W. F. and  DiNola, A. and Haak, J. R.},
   Title = {Molecular dynamics with coupling to an external bath},
   Journal = {J. Chem. Phys.},
   Volume = {81},
   Pages = {3684-3690},
      Year = {1984} }


@article{
jorgen2004,
   Author = {Jorgensen, W. L.},
   Title = {The Many Roles of Computation in Drug Discovery.},
   Journal = {Science},
   Volume = {303},
   Pages = {1813-1818},
      Year = {2004} }


 
@article{
Steinbach1990,
   Author = {Peter J. Steinbach and Bernard R. Brooks},
   Title = {New Spherical-Cutoff Methods for Long-Range Forces in Macromolecular Simulation},
   Journal = {J. Comp. Chem.},
   Volume = {15},
   Pages = {667-683},
      Year = {1994} }

@article{
darden1993,
   Author = {T. Darden and D. York and L. Pedersen.},
   Title = {Particle mesh Ewald. An Nlog(N) method for Ewald
sums in large systems.},
   Journal = {J. Chem. Phys.},
   Volume = {98},
   Pages = {10089-100923},
      Year = {1993} }
      
   
@article{
ytreberg2006,
   Author = {F. Marty Ytreberg and Daniel M. Zuckerman},
   Title = {Simple estimation of absolute free energies for biomolecules},
   Journal = {J. Chem. Phys.},
   Volume = {124},
   Pages = {104105},
      Year = {2006} }
      
   
@article{
stoessel1990,
   Author = {J. P. Stoessel and P. Nowak},
   Title = {Absolute Free Energies in Biomolecular Systems},
   Journal = {Macromolecules},
   Volume = {23},
   Pages = {1961-1965},
      Year = {1990} }
    
         
@article{
berendsen1990-992,
   Author = {Berendsen, W. F. van Gunsteren and H. J. C.},
   Title = {Computer Simulation of Molecular Dynamics: Methodology, Applications and Perspectives in Chemistry},
   Journal = {Angew. Chem. Int. Ed. Engl.},
   Volume = {29},
   Pages = {992-1023},
      Year = {1990} }




@article{
beveridge1989-431,
   Author = {Beveridge, D. L. and Dicapua, F. M.},
   Title = {Free-energy via molecular simulation - applications to chemical and biomolecular systems},
   Journal = {Annu. Rev. Biophys. Biophys. Chem.},
   Volume = {18},
   Pages = {431-492},
      Year = {1989} }




@article{
boczko1993-4509,
   Author = {Boczko, E. M. and Brooks III, C. L.},
   Title = {Constant-Temperature Free Energy Surfaces for Physical and Chemical Processes},
   Journal = {J. Phys. Chem.},
   Volume = {97},
   Pages = {4509-4513},
      Year = {1993} }




@article{
bonneau2001-119,
   Author = {Bonneau, R. Tsai J. Ruczinski I. Chivian D. Rohl C. Strauss C. E. Baker D.},
   Title = {Rosetta in CASP4: progress in ab initio protein structure prediction},
   Journal = {Proteins},
   Volume = {Suppl 5},
   Pages = {119-26},
      Year = {2001} }




@article{
boresch2003-9535,
   Author = {Boresch, S. and Tettinger, F. and Leitgeb, M. and Karplus, M.},
   Title = {Absolute Binding Free Energies: A Quantative Approach for Their Calculation},
   Journal = {J. Phys. Chem. B},
   Volume = {107},
   Pages = {9535-9551},
      Year = {2003} }




@article{
born1920-45,
   Author = {Born, M.},
   Journal = {Z Phys},
   Volume = {1},
   Pages = {45},
      Year = {1920} }




@article{
brewer2005-thesis,
   Author = {Brewer, A.},
   Title = {(Thesis)},
      Year = {2005} }




@article{
brooks1993-2487,
   Author = {Brooks III, C. L. and Case D. A.},
   Title = {Simulations of Peptide Conformational Dynamics and Thermodynamics},
   Journal = {Chem. Rev.},
   Volume = {93},
   Pages = {2487-2502},
      Year = {1993} }




@article{
brooksiii2002-447,
   Author = {Brooks III, C. L.},
   Title = {Protein and peptide folding explored with molecular simulations},
   Journal = {Acc. Chem. Res.},
   Volume = {35},
   Number = {6},
   Pages = {447-454},
      Year = {2002} }




@article{
brooksiii1993-2487,
   Author = {Brooks III, C. L. and Case D. A.},
   Title = {Simulations of Peptide Conformational Dynamics and Thermodynamics},
   Journal = {Chem. Rev.},
   Volume = {93},
   Pages = {2487-2502},
      Year = {1993} }



@article{
brooks1998,
   Author = {F. B. Sheinerman and Brooks III, C. L.},
   Title = {Calculations on Folding of Segment B1 of Streptococcal Protein G},
   Journal = {J. Mol. Biol. },
   Volume = {278},
   Pages = {439-456},
      Year = {1998} }


@article{
bystroff1996-417,
   Author = {Bystroff, C. Simons K. T. Han K. F. Baker D.},
   Title = {Local sequence-structure correlations in proteins},
   Journal = {Curr Opin Biotechnol},
   Number = {7},
   Pages = {417-21},
      Year = {1996} }




@article{
carlossimmerling2002-11258,
   Author = {Carlos Simmerling, Bentley Strockbine Adrian E. Roitberg},
   Title = {All-Atom Structure Prediction and Folding Simulations of a Stable Protein},
   Journal = {J. Am. Chem. Soc.},
   Number = {124},
   Pages = {11258-11259},
      Year = {2002} }




@article{
carlsson2005-6448,
   Author = {Carlsson, J. and {\AA}qvist, J. A.},
   Title = {Absolute and Relative Entropies from Computer Simulation with Applications to Ligand Binding},
   Journal = {J. Phys. Chem. B},
   Volume = {109},
   Pages = {6448-6456},
      Year = {2005} }

@article{
tobias1991,
   Author = {Tobias, D. J. and Brooks III, C. L. },
   Title = {Thermodynamics and Mechanism of Alpha Helix Initiation in Alanine and Valine Peptides},
   Journal = {Biochemistry},
   Volume = {30},
   Pages = {6059-6070},
      Year = {1991} }
  
@article{
mezei1985,
   Author = {M. Mezei and P. K. Mehrotra and D. L. Beveridge },
   Title = {Monte Carlo Determination of the Free Energy and Internal Energy of Hydration for the Ala Dipeptide at 25$^{\circ}$C},
   Journal = {J. Am. Chem. Soc.},
   Volume = {107},
   Pages = {2239-2245},
      Year = {1985} }
     
      
@article{
chang2005-1017,
   Author = {Chang, C. and Chen, W. and Gilson, M. K.},
   Title = {Evaluating the Accuracy of the Quasiharmonic Approximation},
   Journal = {J. Chem. Theory Comput.},
   Volume = {1},
   Pages = {1017},
      Year = {2005} }




@article{
chikenji2003-6895,
   Author = {Chikenji, G. and Fujitsuka, Y. and Takada, S.},
   Title = {A reversible fragment assembly method for de novo protein structure prediction},
   Journal = {J. Chem.Phys.},
   Volume = {119},
   Pages = {6895-6903},
      Year = {2003} }




@article{
chipot2005-244906,
   Author = {Chipot, C. and H\'{e}nin, J.},
   Title = {Exploring the free-energy landscape of a short peptide using an average force},
   Journal = {J. Chem. Phys.},
   Volume = {123},
   Pages = {244906},
      Year = {2005} }



@article{
Rodinger2005,
   Author = {T. Rodinger and P. L. Howell and R. Pom$\grave{e}$s},
   Title = {Absolute free energy calculations by thermodynamic integration in four spatial dimensions},
   Journal = {J. Chem. Phys.},
   Volume = {123},
   Pages = {034104},
      Year = {2005} }



@article{
chipot2002-1,
   Author = {Chipot, C. and Pearlman, D. A.},
   Title = {Free energy calculations. The long and winding gilded road},
   Journal = {Mol. Simul.},
   Volume = {28},
   Pages = {1-12},
      Year = {2002} }




@article{
chowdhury2003-711,
   Author = {Chowdhury, S. and Lee, M. C. and Xiong, G. and Duan, Y.},
   Title = {Ab initio Folding Simulation of the Trp-cage Mini-protein Approaches NMR Resolution},
   Journal = {J. Mol. Biol.},
   Volume = {327},
   Pages = {711-717},
      Year = {2003} }




@article{
connolly1983-548,
   Author = {Connolly, M. L.},
   Title = {Analytical molecular surface calculation},
   Journal = {J. Appl. Crystallogr.},
   Volume = {16},
   Pages = {548-558},
      Year = {1983} }




@article{
covell1994-1032,
   Author = {Covell, D. G.},
   Title = {Lattice model simulations of polypeptide-chain folding},
   Journal = {J. Mol. Biol.},
   Volume = {235},
   Pages = {1032-1043},
      Year = {1994} }




@article{
creamer1992-5937,
   Author = {Creamer, T. P. and Rose, G. D.},
   Title = {Side-chain entropy opposes a-Helix formation but rationalises experimentally determined helix-forming propensities},
   Journal = {Proc. Natl. Acad. Sci. USA},
   Volume = {89},
   Pages = {5937-5941},
      Year = {1992} }




@article{
czaplewski2004-29,
   Author = {Czaplewski, C. and Oldziej, S. and Liwo, A. and Scheraga, H. A.},
   Title = {Prediction of the structures of proteins with the UNRES force field, including dynamic formation and breaking of disulfide bonds},
   Journal = {Protein. Eng. Des. Sel.},
   Volume = {17},
   Number = {1},
   Pages = {29-36},
      Year = {2004} }

@article{
darve2001-9169,
   Author = {Darve, E. and Pohorille, A.},
   Title = {Calculating free energies using average force},
   Journal = {J. Chem. Phys.},
   Volume = {115},
   Number = {20},
   Pages = {9169-9183},
      Year = {2001} }


@article{
Bartels1997,
   Author = {C. Bartels and M. Karplus},
   Title = {Multidimensional Adaptive Umbrella Sampling: Applications to Main Chain and Side Chain Peptide Conformations},
   Journal = {J. Comp. Chem. },
   Volume = {18},
   Number = {20},
   Pages = {1450-1462},
      Year = {1997} }





@article{
derreumaux1999-2301,
   Author = {Derreumaux, P.},
   Title = {From polypeptide sequences to structures using Monte Carlo simulations and an optimised potential},
   Journal = {J. Chem. Phys.},
   Volume = {111},
   Pages = {2301-2310},
      Year = {1999} }




@article{
dinner1999-9068,
   Author = {Dinner, A. R. and Lazaridis, T. and Karplus, M.},
   Title = {Understanding b-hairpin formation},
   Journal = {Proc. Natl. Acad. Sci. USA},
   Volume = {96},
   Pages = {9068},
      Year = {1999} }


@article{ 
lazaridis99effective,
  author = {T. Lazaridis and M. Karplus},
  title = {Effective energy function for proteins in solution},
   Journal = {Proteins},
   Volume = {35},
   Pages = {133-152},
   Year = {1999} 
  }

@article{ 
Mamonova,
  author = {Mamonova, T. and Kurnikova, M.},
  title = {Effective energy function for proteins in solution},
   Journal = {J. Phys. Chem. B},
   Volume = {110},
   Pages = {25091-25100},
   Year = {2006} 
  }

 




@article{
doreesitkoff1994-1978,
   Author = {D. Sitkoff, K. A. Sharp and B. Honig},
   Title = {Accurate Calculation of Hydration Free Energies Using Macroscopic Solvent Models},
   Journal = {J. Phys. Chem.},
   Volume = {98},
   Pages = {1978-1988},
      Year = {1994} }




@article{
duan2003-1999,
   Author = {Duan, Y. and Wu, C. and Chowdhury, S. and Lee, M. C. and Xiong, G. and Zhang, W. and Yang, R. and Cieplak, P. and Luo, R. and Lee, T. and Caldwell, J. and Wang, J. and Kollman, P.},
   Title = {A point-charge force field for molecular mechanics simulations of proteins based on condensed-phase quantum mechanical calculations},
   Journal = {J. Comp. Chem.},
   Volume = {24},
   Number = {16},
   Pages = {1999},
      Year = {2003} }




@article{
dunbrack1997-1661,
   Author = {Dunbrack, R. L. and Jr Cohen, F. E.},
   Title = {Bayesian statistical analysis of protein side-chain rotamer preferences},
   Journal = {Protein Sci.},
   Volume = {6},
   Pages = {1661-1681},
      Year = {1997} }




@article{
eisenberg1986-solvation,
   Author = {Eisenberg, D. and McLachlan, A. D.},
   Title = {Solvation Energy in Protein Folding and Binding},
   Journal = {Nature},
   Volume = {319},
   Number = {199},
      Year = {1986} }




@article{
evans2003-9947,
   Author = {Evans, D. A. and Wales, D. J.},
   Title = {The Free Energy Landscape and Dynamics of Met-enkephalin},
   Journal = {J. Chem. Phys.},
   Volume = {119},
   Pages = {9947-9955},
      Year = {2003} }





@article{
evans2004-1080,
   Author = {Evans, D. A. and  Wales, D. J.},
   Title = {Folding of the GB1 Hairpin Peptide from Discrete Path Sampling},
   Journal = {J. Chem. Phys.},
   Volume = {121},
   Pages = {1080-1090},
      Year = {2004} }




@article{
gallicchio2004-479,
   Author = {Gallicchio, E. and Levy, R. M.},
   Title = {AGBNP: an analytic implicit solvent model suitable for molecular dynamics simulations and high-resolution modeling},
   Journal = {J. Comp. Chem.},
   Volume = {25},
   Pages = {479-499},
      Year = {2004} }


@article{
Roux1999,
   Author = {Roux ,  B. and Simonson, T.},
   Title = {Implicit solvent models},
   Journal = {Biophy. Chem.},
   Volume = {78},
   Pages = {1-20},
      Year = {1999} }

@article{
gallicchio2002-517,
   Author = {Gallicchio, E. and Zhang, L. Y. and Levy, R. M.},
   Title = {The SGB/NP Hydration Free Energy Model Based on the Surface Generalized Born Solvent Reaction Field and Novel Nonpolar Hydration Free Energy Estimators},
   Journal = {J. Comp. Chem.},
   Volume = {23},
   Pages = {517Ã¢â‚¬â€œ529},
      Year = {2002} }




@article{
gibbs2001-186,
   Author = {Gibbs, N. and Clarke, A. R. and Sessions, R. B.},
   Title = {Ab Initio Protein Structure Prediction Using Physiochemical Potentials and a Simplified Off-Lattice Model},
   Journal = {Proteins},
   Volume = {43},
   Pages = {186-202},
      Year = {2001} }

@article{
hmc1987,
   Author = {S. Duane and A. D. Kennedy and B. J. Pendleton and D. Roweth},
   Title = {Hybrid Monte Carlo},
   Journal = {Phys. Lett. B},
   Volume = {195},
   Pages = {216-222},
      Year = {1987} }


@article{
gilson1997-1047,
   Author = {Gilson, M. K. and Given, J. A. and Bush, B. L. and McCammon, J. A.},
   Title = {The Statistical-Thermodynamic Basis for Computation of Binding Affinities: A Critical Review},
   Journal = {Biophys. J.},
   Volume = {72},
   Pages = {1047 - 1069},
      Year = {1997} }




@article{
gnanakaran2003-1548,
   Author = {Gnanakaran, S. and Garc\'{i}a, A. E.},
   Title = {Folding of a highly conserved diverging turn motif from the SH3 domain},
   Journal = {Biophys J.},
   Volume = {84},
   Number = {3},
   Pages = {1548-1562},
      Year = {2003} }




@article{
gnanakaran2003-168,
   Author = {Gnanakaran, S. and Nymeyer, H. and Portman, J. and Sanbonmatsu, K. Y. and Garc\'{i}a, A. E.},
   Title = {Peptide folding simulations},
   Journal = {Curr. Opin. Struct. Biol.},
   Volume = {13},
   Pages = {168},
      Year = {2003} }


@article{
garcia2003,
   Author = {A. E. Garc\'{i}a  and J. N. Onuchic},
   Title = {Folding a protein in a computer: An atomic
description of the folding/unfolding of protein A},
   Journal = {Proc. Natl. Acad. Sci. USA},
   Volume = {100},
   Pages = {13898–13903},
      Year = {2003} }




@article{
go1969-4751,
   Author = {Go, N.  and Scheraga H. A.},
   Title = {Analysis of the Contribution of internal Vibrations tothe Statistical Weights of Equilibrium Conformations of Macromolecules},
   Journal = {J. Chem. Phys.},
   Volume = {51},
   Number = {11},
   Pages = {4751},
      Year = {1969} }




@article{
graham1992-1755,
   Author = {Graham, W. H. and Carter II, E. S. and Hicks, R. P.},
   Journal = {Biopolymers},
   Volume = {32},
   Pages = {1755},
      Year = {1992} }


@article{
hawkins1996-19824,
   Author = {Hawkins, G. D. and Cramer, C. J. and Truhlar, D. G.},
   Journal = {J Phys Chem},
   Volume = {100},
   Pages = {19824},
      Year = {1996} }




@article{
henchman1999-499,
   Author = {Henchman, R. H. and Essex, J. W.},
   Title = {Free Energies of Hydration Using Restrained Electrostatic Potential Derived Charges via Free Energy Perturbations and Linear Response},
   Journal = {J. Comp. Chem.},
   Volume = {20},
   Number = {5},
   Pages = {499},
      Year = {1999} }

@article{
Nymeyer2003,
   Author = {H. Nymeyer and A. E. Garc\'{i}a},
   Title = {Simulation of the folding equilibrium of $\alpha$-helical peptides: A comparison of the generalized Born approximation with explicit solvent},
   Journal = {Proc. Natl. Acad. Sci. USA},
   Volume = {100},
   Number = {24},
   Pages = {13934–13939},
      Year = {2003} }
      
      
@article{
zhou2003,
   Author = {R. Zhou},
   Title = {Free Energy Landscape of Protein Folding in Water: Explicit vs. Implicit Solvent},
   Journal = {Proteins},
   Volume = {53},
   Pages = {148–161},
      Year = {2003} }
      


@article{
henchman2003,
   Author = {Henchman, R. H.},
   Title = {Partition function for a simple liquid using cell theory parametrized by computer simulation},
   Journal = {J. Chem. Phys.},
   Volume = {119},
   Pages = {400-406},
      Year = {2003} }


@article{
Ryckaert,
   Author = {J. P. Ryckaert and G. Ciccotti and H. J. C. Berendsen},
   Title = {Numerical-integration of Cartesian equations of motion of a system with constraints – molecular-dynamics of N-alkanes},
   Journal = {J. Comp. Phys.},
   Volume = {11239},
   Pages = {327–341},
      Year = {1977} }



@article{
hermans1986-225,
   Author = {Hermans, J. and Shankar, S.},
   Title = {The free energy of xenon binding to myoglobin from molecular dynamics simulations},
   Journal = {Isr. J. Chem. Phys.},
   Volume = {27},
   Pages = {225-227},
   Year = {1986} }




@article{
hermans1997-2707,
   Author = {Hermans, J. and Wang, L.},
   Title = {Inclusion of Loss of Translational and Rotational Freedom in Theoretical Estimates of Free Energies of Binding. Application to a Complex of Benzene and Mutant T4 Lysozyme},
   Journal = {J. Am. Chem. Soc.},
   Volume = {119},
   Pages = {2707-2714},
      Year = {1997} }

@article{
raschke2,
   Author = {Raschke, T. M. and  Levitt, M.},
   Title = { Nonpolar solutes enhance water structure within hydration shells, while reducing interactions between them},
   Journal = {Proc. Natl. Acad. Sci. USA},
   Volume = {102},
   Pages = {6777-6782},
      Year = {2005} }


@article{
raschke1,
   Author = {Raschke, T. M. and Levitt, M.},
   Title = { Detailed hydration maps of benzene and cyclohexane reveal distinct water structures},
   Journal = {J. Phys. Chem. B},
   Volume = {108},
   Pages = {13492-13500},
      Year = {2004} }




@article{
hindsd1994-668,
   Author = {Hinds, D. A and Levitt, M.},
   Title = {Exploring conformational space with a simple lattice model for protein-structure},
   Journal = {J. Mol. Biol.},
   Volume = {243},
   Pages = {668-682},
      Year = {1994} }




@article{
hsieh2004-475,
   Author = {Hsieh, M. and Luo, R.},
   Title = {Physical Scoring Function Based on AMBER Force Field and Poisson-Boltzmann Implicit Solvent for Protein Structure Prediction},
   Journal = {Proteins},
   Volume = {56},
   Pages = {475},
      Year = {2004} }


@article{
ivankov2003-2057,
   Author = {Ivankov, D. N. and Garbuzynskiy, S. O.  and Alm ,E. and   Plaxco, K. W.  and Baker, D.  and Finkelstein, A. V.},
   Title = {Contact order revisited: influence of protein size on the folding rate},
   Journal = {Protein Sci.},
   Volume = {12},
   Pages = {2057-2062},
      Year = {2003} }




@article{
izrailev1997-1568,
   Author = {Izrailev, S. and Stepaniants, S. and Balsera, M. and Oono, Y. and Schulten, K.},
   Title = {Molecular dynamics study of unbinding of the avidin-biotin complex},
   Journal = {Biophys. J.},
   Volume = {72},
   Pages = {1568-1581},
      Year = {1997} }




@article{
ponder1987-1016,
   Author = {J. W. Ponder and  F. M. Richards},
   Journal = {J. Comput. Chem.},
   Volume = {8},
   Pages = {1016-1024},
      Year = {1987} }




@article{
wang2000-1049,
   Author = {J. Wang and  P. Cieplak and P. A. Kollman},
   Title = {How Well Does a Restrained Electrostatic Potential (RESP) Model Perform in Calcluating Conformational Energies of Organic and Biological Molecules?},
   Journal = {J. Comp. Chem.},
   Volume = {21},
   Pages = {1049-1074},
      Year = {2000} }




@article{
weiser1999-217,
   Author = {J. Weiser and  P. S. Shenkin and  W. C. Still},
   Title = {Approximate atomic surfaces from linear combinations of pairwise overlaps (LCPO)},
   Journal = {Journal of Computational Chemistry},
   Volume = {20},
   Number = {2},
   Pages = {217-230},
      Year = {1999} }




@article{
jones1999-195,
   Author = {Jones, D. T.},
   Title = {Protein secondary structure prediction based on position-specific scoring matrices},
   Journal = {J. Mol. Biol.},
   Volume = {292},
   Pages = {195-202},
      Year = {1999} }




@article{
jones2001-127,
   Author = {Jones, D. T.},
   Title = {Predicting novel protein folds by using FRAGFOLD},
   Journal = {Proteins},
   Volume = {Suppl. 5},
   Pages = {127-132},
      Year = {2001} }




@article{
jorgensen1985-3050,
   Author = {Jorgensen, W. L. and Ravimohan, C.},
   Title = {Monte Carlo Simulations of differences in free energies of hydration},
   Journal = {J. Chem. Phys.},
   Volume = {83},
   Pages = {3050-3054},
      Year = {1985} }



@article{
kang1993-448,
   Author = {Kang, H. S.  and Kurochkina, N. A. and  Lee, B.},
   Title = {Estimation and use of protein backbone angle probabilities},
   Journal = {J. Mol. Biol.},
   Volume = {229},
   Pages = {448-460},
      Year = {1993} }




@article{
karplus2003-491,
   Author = {Karplus, K.  and Karchin, R.  and Draper ,J.  and Casper, J.  and Mandel-Gutfreund ,Y.  and Diekhans, M. and Hughey, R.},
   Title = {Combining local-structure, fold-recognition, and new-fold methods for protein structure prediction},
   Journal = {Proteins},
   Volume = {53},
   Pages = {491-496},
      Year = {2003} }




@article{
karplus1986-591,
   Author = { M. Karplus  and  L.  Nilsson },
   Title = {Empirical Energy Functions for Energy Minimizations and Dynamics of Nucleic Acids},
   Journal = {J. Comput. Chem.},
   Volume = {7},
   Pages = {591-616},
      Year = {1986} }




@article{
karplus1981-325,
   Author = {Karplus, M. and Kushick, J.},
   Title = {Method for estimating the configurational entropy of macromolecules.},
   Journal = {Macromolecules},
   Volume = {14},
   Pages = {325–332},
      Year = {1981} }



@article{
kirkwood1935-300,
   Author = {Kirkwood, J. G.},
   Title = {Statistical Mechanics of Fluid Mixtures},
   Journal = {J. Chem. Phys.},
   Volume = {3},
   Number = {5},
   Pages = {300-313},
      Year = {1935} }




@article{
kolinski1994-338,
   Author = {Kolinski, A. and  Skolnick , J.},
   Title = {Monte-Carlo simulations of protein folding. 1. Lattice model and interaction scheme},
   Journal = {Proteins},
   Volume = {18},
   Pages = {338-352},
      Year = {1994} }




@article{
kollman1993-2395,
   Author = {Kollman, P. A.},
   Title = {Free Energy Calculations: Applications to Chemical and Biochemical Phenomena},
   Journal = {Chem. Rev.},
   Volume = {93},
   Pages = {2395-2417},
      Year = {1993} }




@article{
krivov2002-10894,
   Author = {Krivov, S. V. and Karplus, M.},
   Title = {Free energy disconnectivity graphs: Application to peptide models},
   Journal = {J. Chem. Phys.},
   Volume = {117},
   Number = {23},
   Pages = {10894},
      Year = {2002} }




@article{
krivov2004-14766,
   Author = {Krivov, S. V. and Karplus, M.},
   Title = {Hidden complexity of free energy surfaces for peptide (protein) folding},
   Journal = {Proc. Natl. Acad. Sci. USA},
   Volume = {101},
   Number = {41},
   Pages = {14766},
      Year = {2004} }




@article{
krivovs2002-10894,
   Author = {Krivov, S. V and Karplus, M.},
   Title = {Free energy disconnectivity graphs: Application to peptide models},
   Journal = {J. Chem. Phys.},
   Volume = {117},
   Number = {23},
   Pages = {10894},
      Year = {2002} }




@article{
krueger2001-4,
   Author = {Krueger, B. P. and Kollman,  P. A.},
   Title = {Molecular Dynamics Simulations of a Highly Charged Peptide from an SH3 Domain: Possible Sequence-Function Relationship},
   Journal = {Proteins},
   Volume = {44},
   Pages = {4-15},
      Year = {2001} }




@article{
laxmikantkal1999-283,
   Author = {L. Kal$\acute{e}$ and  R. Skeel and  M. Bhandarkar and  R, Brunner and  A. Gursoy  and N. Krawetz and  J. Phillips and  A.  Shinozaki and  K. Varadarajan and K. Schulten},
    Title = {Namd: Greater scalability for parallel molecular dynamics},
   Journal = {J. Comp. Phys. },
   Volume = {151},
   Pages = {283-312},
      Year = {1999} }




@article{
lee1971-379,
   Author = {Lee, B. and  F. M. Richards},
   Title = {The interpretation of protein structures: Estimation of static accessibility},
   Journal = {J. Mol. Biol.},
   Volume = {55},
   Pages = {379-400},
      Year = {1971} }




@article{
leej1999-2025,
   Author = {Lee ,J.  and  Liwo, A.  and Scheraga ,H. A.},
   Title = {Energy-based de novo protein folding by conformational space annealing and an off-lattice united-residue force field: application to the 10-55 fragment of staphylococcal protein A and to apo calbindin D9K},
   Journal = {Proc Natl Acad Sci U S A.},
   Volume = {96},
   Number = {5},
   Pages = {2025-30},
      Year = {1999} }




@article{
leej1998-103,
   Author = {Lee ,J.  and  Scheraga, H. A. and  Rackovsky, S.},
   Title = {Conformational analysis of the 20-residue membrane-bound portion of melittin by conformational space annealing},
   Journal = {Biopolymers},
   Volume = {46},
   Pages = {103-16},
      Year = {1998} }











@article{
lee2004-620,
   Author = {Lee, M. C. and Duan, Y.},
   Title = {Distinguish Protein Decoys by Using a Scoring Function Based on a New AMBER Force Field, Short Molecular Dynamics Simulations, and the Generalized Born Solvent Model},
   Journal = {Proteins},
   Volume = {55},
   Pages = {620-634},
      Year = {2004} }




@article{
lee2000-309,
   Author = {Lee, M. R. and Duan, Y. and Kollman, P. A.},
   Title = {Use of MM-PB/SA in estimating the free energies of proteins: application to native, intermediates, and unfolded villin headpiece},
   Journal = {Proteins},
   Volume = {39},
   Pages = {309},
      Year = {2000} }


@article{
mhead,
   Author = {M. S. Head and J. A. Given and M. K. Gilson},
   Title = {"Mining Minima": Direct Computation of Conformational Free Energy},
   Journal = {J. Phys. Chem. A},
   Volume = {101},
   Pages = {1609-1618},
      Year = {1996} }

@article{
lee2006-864,
   Author = {Lee, M. S. and Olson, M. A.},
   Title = {Calculation of Absolute Protein-Ligand Binding Affinity Using Path and Endpoint Approaches},
   Journal = {Biophys. J.},
   Volume = {90},
   Pages = {864-877},
      Year = {2006} }

@article{
jorgensen1983,
   Author = {W. L. Jorgensen},
   Title = {Theoretical Studies of Medium Effects on Conformational Equilibria},
   Journal = {J. Phys. Chem.},
   Volume = {87},
   Pages = {5304-5314},
      Year = {1983} }



@article{
levy1984-1370,
   Author = {Levy, R. M. and Karplus, M. and Kushick, J. and Perahia, D.},
   Title = {Evaluation of the Configurational Entropy for Proteins: Application to Molecular Dynamics Simulations of an a-Helix},
   Journal = {Macromolecules},
   Volume = {17},
   Pages = {1370},
      Year = {1984} }




@article{
levy2003-9523,
   Author = {Levy, R. M. and Zhang, L. Y. and Gallicchio, E. and Felts, A. K.},
   Title = {On the Nonpolar Hydration Free Energy of Proteins: Surface Area and Continuum Solvent Models for the Solute-Solvent Interaction Energy},
   Journal = {J. Am. Chem. Soc.},
   Volume = {125},
   Pages = {9523-9530},
      Year = {2003} }




@article{
liz1987-6611,
   Author = {Li ,Z. and  Scheraga ,H. A.},
   Title = {Monte Carlo-minimization approach to the multiple-minima problem in protein folding},
   Journal = {Proc. Natl. Acad. Sci. USA},
   Volume = {84},
   Number = {19},
   Pages = {6611-5},
      Year = {1987} }




@article{
liwo2004-9421,
   Author = {Liwo, A. and Oldziej, S. and Czaplewski, C. and Kozlowska, U. and Scheraga, H. A.},
   Title = {Parametrization of Backbone-Electrostatic and Multibody Contributions to the UNRES Force Field for Protein-Structure Prediction from Ab Initio Energy Surfaces of Model Systems},
   Journal = {J. Phys. Chem. B},
   Volume = {108},
   Pages = {9421-9438},
      Year = {2004} }




@article{
lovell2000-389,
   Author = {Lovell, S. C. and  Word, J. M. and  Richardson, J. S. and  Richardson ,D. C.},
   Title = {The Penultimate Rotamer Library},
   Journal = {Proteins: Structure Function and Genetics},
   Volume = {40},
   Pages = {389-408},
      Year = {2000} }




@article{
ma2000-2739,
   Author = {Ma, B. and Tsai, C. and Nussinov, R.},
   Title = {A Systematic Study of the Vibrational Free Energies of Polypeptides in Folded and Random States},
   Journal = {Biophys. J.},
   Volume = {79},
   Pages = {2739-2753},
      Year = {2000} }




@article{
meirovitch1983-617,
   Author = {Meirovitch, H. and  Levitt, M. },
   Title = {Integrating the Equations of Motion},
   Journal = {J. Mol. Biol.},
   Volume = {168},
   Pages = {617-620},
      Year = {1983} }




@article{
michel2004-1760,
   Author = {Michel, J. and Taylor, R. D. and Essex, J. W.},
   Title = {The Parameterization and Validation of Generalized Born Models Using the Pairwise Descreening Approximation},
   Journal = {J. Comp. Chem.},
   Volume = {25},
   Pages = {1760Ã¢â‚¬â€œ1770},
      Year = {2004} }




@article{
miller1996-8587,
   Author = {Miller, J. L. and Kollman, P. A.},
   Title = {Solvation Free Energies of the Nucleic Acid Bases},
   Journal = {J. Phys. Chem. A},
   Volume = {100},
   Pages = {8587-8594},
      Year = {1996} }




@article{
miyazawa1985-534,
   Author = {Miyazawa, S. and Jernigan, R. L.},
   Title = {Estimation of effective interresidue contact energies from protein crystal structures-quasi-chemical approximation},
   Journal = {Macromolecules},
   Volume = {18},
   Pages = {534-552},
      Year = {1985} }






@article{
miyazawa1999-49,
   Author = {Miyazawa, S. and  Jernigan R. L.},
   Title = {Self-Consistent Estimation of Inter-Residue Protein Contact Energies Based on an Equilibrium Mixture Approximation of Residues},
   Journal = {Proteins},
   Volume = {34},
   Pages = {49Ã¢â‚¬â€œ68},
      Year = {1999} }




@article{
neidigh2002-425,
   Author = {Neidigh, J. W. and  Fesinmeyer ,R. M. and  Andersen N. H.},
   Journal = {Nat. Struct. Biol.},
   Volume = {9},
   Pages = {425-430},
      Year = {2002} }




@article{
nemethy1992-6472,
   Author = {Nemethy, G. and Gibson, K. D. and  Palmer, K. A. and  Yoon ,C. N. Paterlini ,G.  and Zagari, A. and  Rumsey, S. and Scheraga, H. A.},
   Title = {Energy Parameters in Polypeptides. 10. Improved geometric parameters and nonbonded interactions for use in the ECEPP/3 algorithm, with application to proline-containing peptides},
   Journal = {J. Phys. Chem. B},
   Volume = {96},
   Pages = {6472-6484},
      Year = {1992} }




@article{
nemethy1965-155,
   Author = {Nemethy, G. Scheraga H. A.},
   Title = {Theoretical determination of sterically allowed conformations of a polypeptide chain by a computer method},
   Journal = {Biopolymers},
   Volume = {3},
   Pages = {155-184},
      Year = {1965} }




@article{
onsager1936-1486,
   Author = {Onsager, L.},
   Title = {Electric Moments of Molecules in Liquids},
   Journal = {J. Am. Chem. Soc.},
   Volume = {58},
   Pages = {1486-1493},
      Year = {1936} }




@article{
onuchic1997-545,
   Author = {Onuchic, J. N. and Luthey-Schulten Z. and Wolynes, P. G.},
   Journal = {Annu. Rev. Phys. Chem.},
   Volume = {48},
   Pages = {545Ã¢â‚¬â€œ600},
      Year = {1997} }




@article{
onufriev2002-1297,
   Author = {Onufriev, A. and Case, D. A. and Bashford, D.},
   Title = {Effective Born Radii in the Generalized Born Approximation: The Importance of Being Perfect},
   Journal = {J. Comput. Chem.},
   Volume = {23},
   Pages = {1297Ã¢â‚¬â€œ1304},
      Year = {2002} }




@article{
ooi1987-3086,
   Author = {Ooi, T. and Nemethy, G. and Scheraga, H. A.},
   Title = {Accessible Surface Areas as a Measure of the Thermodynamic Parameters of Hydration of Peptides},
   Journal = {Proc Natl Acad Sci USA},
   Volume = {84},
   Pages = {3086-3090},
      Year = {1987} }




@article{
oostenbrink2004-237,
   Author = {Oostenbrink, C. and van Gunsteren, W. F.},
   Title = {Free Energies of Binding of Polychlorinated Biphenyls to the Estrogen Receptor From a Single Simulation},
   Journal = {Proteins},
   Volume = {54},
   Pages = {237},
      Year = {2004} }
      
@article{
michels1949,
   Author = {A. Michels and H. Wijker and H. K. Wijker},
   Title = {Isotherms of Argon between 0°C and 150°C
and pressures up to 2900 atmospheres},
   Journal = {Physica (Amsterdam)},
   Volume = {15},
   Pages = {627-633},
      Year = {1949} }



@article{
philipball,
   Author = {P. Ball},
   Title = {H$_2$O A Biography Of Water},
   Journal = {Phoenix Orion Books Ltd, London},
   Volume = {},
   Pages = {},
      Year = {2000} }



@article{
osguthorpe1999-186,
   Author = {Osguthorpe, D. J.},
   Title = {Improved ab initio predictions with a simplified, flexible geometry model},
   Journal = {Proteins},
   Volume = {3},
   Pages = {186-193},
      Year = {1999} }



@article{
guillot,
   Author = {B. Guillot},
   Title = {A reappraisal of what we have learnt during three decades of computer simulations on water},
   Journal = {J. Mol. Liq.},
   Volume = {101},
   Pages = {219-260},
      Year = {2002} }

@article{
parkb1996-367,
   Author = {Park B. , Levitt M.},
   Title = {Energy functions that discriminate X-ray and near native folds from well-constructed decoys},
   Journal = {J Mol Biol},
   Number = {258},
   Pages = {367-392},
      Year = {1996} }


@article{
mezei2000,
   Author = {Mezei, M.},
   Title = {A novel approach to the caluclation of the free enrgy due to molecular flexibility},
   Journal = {J. Math},
   Volume = {27},
   Pages = {235-250},
      Year = {2000} }


@article{
parkb1996-367,
   Author = {Park B., Levitt M.},
   Title = {Energy functions that discriminate X-ray and near native folds from well-constructed decoys},
   Journal = {J. Mol. Biol.},
   Volume = {258},
   Pages = {367-392},
      Year = {1996} }




@article{
parkermj1997-13396,
   Author = {Parker M. J. and Dempsey, C. E. and Lorch, M. and Clarke, A. R.},
   Title = {Acquisition of native beta-strand topology during the rapid collapse phase of protein folding},
   Journal = {Biochemistry},
   Volume = {36},
   Pages = {13396-405},
      Year = {1997} }




@article{
paterlini1998-243,
   Author = {Paterlini, M. G. and Ferguson, D. M.},
   Title = {Constant temperature simulations using the Langevin equation with velocity Verlet integration},
   Journal = {Chem. Phys.},
   Volume = {236},
   Pages = {243-252},
      Year = {1998} }


@article{
patey1975,
   Author = {Patey, G. N. and Valleau, J. P.},
   Title = {A Monte Carlo Method for obtaining the interionic potential of mean force in ionic solution},
   Journal = {J. Chem. Phys.},
   Volume = {63},
   Number = {2334-2339},
      Year = {1975} }




@article{
pickett1995-825,
   Author = {Pickett, S. D. and Sternberg, M. J. E.},
   Title = {Empirical scale of side-chain conformational entropy in protein folding},
   Journal = {J. Mol. Biol.},
   Volume = {231},
   Pages = {825-839},
      Year = {1995} }




@article{
pillardy2000-2214,
   Author = {Pillardy, J. and Czaplewski, C. and Wedemeyer, W. J. and Scheraga, H. A.},
   Title = {Conformational-Family Monte Carlo (CFMC): An Efficient Computational Method for Identifying the Low-Energy States of a Macromolecule},
   Journal = {Helv Chim Acta},
   Volume = {83},
   Pages = {2214},
      Year = {2000} }




@article{
qian1998-293,
   Author = {Qian, Y. and Bystroff, C. and Rajagopal, P. and Klevit, R. E. and Baker, D.},
   Title = {Prediction and Structural Characterization of an Independently Folding Substructure in the src SH3 Domain},
   Journal = {J. Mol. Biol.},
   Volume = {283},
   Pages = {293-300},
      Year = {1998} }




@article{
qiu1997-3005,
   Author = {Qiu, D. and Shenkin, P. S. and Hollinger, F. P. and Still, W. C.},
   Title = {The GB/SA Continuum Model for Solvation. A Fast Analytical Method for the Calculation of Approximate Born Radii},
   Journal = {J. Phys. Chem. A},
   Volume = {101},
   Pages = {3005},
      Year = {1997} }




@article{
qiu2002-12952,
   Author = {Qiu, L. and Pabit, S. A. and Roitberg, A. E. and Hagen, S. J.},
   Title = {Smaller and Faster: The 20-Residue Trp-Cage Protein Folds in 4us},
   Journal = {J. Am. Chem. Soc.},
   Volume = {124},
   Number = {44},
   Pages = {12952 - 12953},
      Year = {2002} }




@article{
rao2004-299,
   Author = {Rao, F. and Caflisch, A.},
   Title = {The Protein Folding Network},
   Journal = {J. Mol. Biol.},
   Volume = {342},
   Pages = {299-306},
      Year = {2004} }


@article{
rao2003,
   Author = {Rao, F. and Caflisch, A.},
   Title = {Replica exchange molecular dynamics simulations of reversible folding},
   Journal = {J. Chem. Phys.},
   Volume = {119},
   Pages = {4035-4042},
      Year = {2003} }

@article{
ravimohan1985-3050,
   Author = { C. Ravimohan and W. L. Jorgensen },
   Title = {Monte Carlo Simulation of Differences in Free Energies of Hydration},
   Journal = {J. Chem. Phys.},
   Volume = {83},
   Pages = {3050},
      Year = {1985} }


@article{
ravindranathan2005-196,
   Author = {Ravindranathan, K. P. and Gallicchio, E. and Levy, R. M.},
   Title = {Conformational equilibria and free energy profiles for the allosteric transition of the ribose-binding protein},
   Journal = {J. Mol. Biol.},
   Volume = {353},
   Number = {1},
   Pages = {196-210},
      Year = {2005} }




@article{
reddy1998-769,
   Author = {Rami Reddy, M. and Erion, M. D. and Agarwal, A. and Viswanadhan, V. N. and McDonald, D. Q.  and Still,  W. C },
   Title = {Solvation Free Energies Calculated Using the GB/SA Model: Sensitivity of Results on Charge Sets, Protocols, and Force Fields},
   Journal = {Journal of Computational Chemistry},
   Volume = {19},
   Number = {7},
   Pages = {769-780},
      Year = {1998} }




@article{
rhee2003-775,
   Author = {Rhee, Y. M. and  Pande, V. S.},
   Title = {Multiplexed-Replica Exchange Molecular Dynamics Method for Protein Folding Simulation},
   Journal = {Biophys. J.},
   Volume = {84},
   Pages = {775-786},
      Year = {2003} }

@article{sugita2000,
	author = {Sugita, Y.   and Kitao, A.   and Okamoto, Y.  },
	journal = {J. Chem. Phys.},
	number = {15},
	pages = {6042--6051},
	title = {Multidimensional replica-exchange method for free-energy calculations},
	volume = {113},
	year = {2000}
}


@article{
zuckermancmp,
   Author = {F. M. Ytreberg and R. H. Swendsen and D. M. Zuckerman},
   Title = {Comparison of free energy methods for molecular systems},
   Journal = {J. Chem. Phys. },
   Volume = {125},
   Pages = {184114},
      Year = {2006} }


@article{
richardson2005-1413,
   Author = {Richardson, J. M. and Lopez, M. M. and Makhatadze, G. I.},
   Title = {Enthalpy of helix-coil transition: Missing link in the rationalizing the thermodynamics of helix-forming propensities of the amino acid residues},
   Journal = {Proc. Natl. Acad. Sci. USA},
   Volume = {102},
   Number = {5},
   Pages = {1413-1418},
      Year = {2005} }




@article{
rohl2004-66,
   Author = {Rohl, C. A. and Strauss, C. E. and Misura, K. M. and Baker D.},
   Title = {Protein structure prediction using Rosetta},
   Journal = {Methods Enzymol},
   Volume = {383},
   Pages = {66-93},
      Year = {2004} }




@article{
rost1993-584,
   Author = {Rost, B. and Sander, C.},
   Title = {Prediction of protein secondary structure at better than 70% accuracy},
   Journal = {J. Mol. Biol.},
   Volume = {232},
   Pages = {584-599},
      Year = {1993} }




@article{
roux1996-670,
   Author = {Roux, B. and Nina, M. and Pomes, R. and Smith, J. C.},
   Title = {Thermodynamic Stability of Water Molecules in the Bacteriorhodopsin Proton Channel: A Molecular Dynamics Free Energy Pertubation Study},
   Journal = {Biophys J.},
   Volume = {71},
   Pages = {670-681},
      Year = {1996} }




@article{
ruczinski2002-85,
   Author = {Ruczinski, I. and Kooperberg, C. and Bonneau, R. and Baker, D.},
   Title = {Distributions of beta sheets in proteins with application to structure prediction},
   Journal = {Proteins},
   Volume = {48},
   Pages = {85-97},
      Year = {2002} }




@article{
s2003-711,
   Author = {S. Chowdhury and M. C. Lee and G. Xiong and Duan, Y.},
   Title = {Ab initio Folding Simulation of the Trp-cage Mini-protein Approaches NMR Resolution},
   Journal = {J. Mol. Biol.},
   Volume = {327},
   Pages = {711-717},
      Year = {2003} }




@article{
schafer2000-7809,
   Author = {Sch\"{a}fer, H. and Mark, A. E. and van Gunsteren, W. F.},
   Title = {Absolute entropies from molecular dynamics simulation trajectories},
   Journal = {J. Chem. Phys.},
   Volume = {113},
   Number = {18},
   Pages = {7809-7816},
      Year = {2000} }

@article{
Chandler2005,
   Author = {Chandler, D.},
   Title = {Insight Review: Interfaces and the driving force of hydrophobic assembly},
   Journal = {Nature},
   Volume = {437},
   Number = {18},
   Pages = {640-647},
      Year = {2005} 
}

@article{
Pratt2002,
   Author = {L. R. Pratt},
   Title = {Molecular Theory of hydrophobic effects: ``She is too mean to have her name repeated.''},
   Journal = {Annu. Rev. Phys. Chem.},
   Volume = {53},
   Pages = {409–436},
      Year = {2002} 
}

@article{
GunstHydration1984,
   Author = {Remerie, K. and van Gunsteren, W. and  Postma, J. and Berendsen, H. and Engberts, J.},
   Title = {Molecular dynamics computer simulation of the hydration of two simple organic solutes},
   Journal = {Mol. Phys.},
   Volume = {53},
   Pages = {1517-1526},
      Year = {1984} 
}


@article{
schafer2002-215,
   Author = {Sch\"{a}fer, H. and Smith, L. J. and Mark, A. E. and van Gunsteren, W. F.},
   Title = {Entropy Calculations on the Molten Globule State of a Protein: Side-Chain Entropies of a-Lactalbumin},
   Journal = {Proteins},
   Volume = {46},
   Pages = {215-224},
      Year = {2002} }




@article{
scheragah2002-28,
   Author = {Scheraga, H. A and Pillardy, J. and Liwo, A. and Lee, J. and Czaplewski, C. and Ripoll, D. R. and Wedemeyer, W. J. and Arnautova, Y. A.},
   Title = {Evolution of physics-based methodology for exploring the conformational energy landscape of proteins},
   Journal = {J. Comp. Chem.},
   Volume = {23},
   Pages = {28-34},
      Year = {2002} }



@article{
snow2002,
   Author = { Snow, C. D. and Nguyen, H. and Pande, V. S. and Gruebele, M.},
   Title = {Absolute comparison of simulated and experimental protein-folding dynamics},
   Journal = {Nature},
   Volume = {420},
   Pages = {102-106},
      Year = {2002} }

@article{
schlitter1993-617,
   Author = {Schlitter, J.},
   Title = {Estimation of absolute and relative entropies of macromolecules using the covariance matrix},
   Journal = {Chem. Phys. Lett.},
   Volume = {215},
   Pages = {617-621},
      Year = {1993} }



@article{
shirts2005-134508,
   Author = {Shirts, M. R. and Pande, V. S.},
   Title = {Solvation free energies of amino acid side chain analogs for common molecular mechanics water models},
   Journal = {J. Chem. Phys.},
   Volume = {122},
   Pages = {134508},
      Year = {2005} }



@article{
bennett76,
   Author = {C. H. Bennett},
   Title = {Effcient estimation of free energy differences from
Monte Carlo data.},
   Journal = {J. Comp. Phys.},
   Volume = {22},
   Pages = {245–268},
      Year = {1976} }

       
 
@article{
michele2002,
   Author = {De Michele, C. and Sciortino, F.},
   Title = {Equilibration times in numerical simulation of structural glasses: Comparing parallel tempering and conventional molecular dynamics},
   Journal = {Phys. Rev. E},
   Volume = {65},
   Pages = {051202},
      Year = {2002} }
           
      
@article{
shirts2005-144107,
   Author = {Shirts, M. R. and Pande, V. S.},
   Title = {Comparison of efficiency and bias of free energies computed by exponential averaging, the Bennett acceptance ratio and thermodynamic integration},
   Journal = {J. Chem. Phys.},
   Volume = {122},
   Pages = {144107},
      Year = {2005} }
      
@article{
frenkel1984,
   Author = {D. Frenkel and A. J. C. Ladd},
   Title = {New Monte Carlo method to compute free enrgies of arbitrary solids. Application to the ffc and hcp phases of hard spheres},
   Journal = {J. Chem. Phys.},
   Volume = {81},
   Pages = {3188},
      Year = {1984} }
     
     
@article{
Jar1,
   Author = {C. Jarzynski},
   Title = {Equilibrium free-energy differences from nonequilibrium measurements: A master-equation approach},
   Journal = {Phys. Rev. E},
   Volume = {56},
   Pages = {5018-5035},
      Year = {1997} }
     
     
@article{
Jar2,
   Author = {C. Jarzynski},
   Title = {Nonequilibrium equality for free energy differences.},
   Journal = {Phys. Rev. Lett.},
   Volume = {78},
   Pages = {2690–2693},
      Year = {1997} }
    
    
@article{
schult1,
   Author = {S. Park and F. Khalili-Araghi and E. Tajkhorshid and K Schulten},
   Title = {Free energy calculation from steered molecular dynamics simulations
using Jarzynski’s equality},
   Journal = {J. Chem. Phys},
   Volume = {119},
   Pages = {2690–2693},
      Year = {2003} }           
    
       
@article{
fasnacht,
   Author = {M. Fasnacht and R. H. Swendsen and J. M. Rosenberg },
   Title = {Adaptive integration method for Monte Carlo simulations},
   Journal = {Phys. Rev. E},
   Volume = {69},
   Pages = {056704},
      Year = {2004} }           
    
    
@ARTICLE{frantz1990,
   author = {{Frantz}, D.~D. and {Freeman}, D.~L. and {Doll}, J.~D.},
    title = "{Reducing quasi-ergodic behavior in Monte Carlo simulations by J-walking: Applications to atomic clusters}",
  journal = {J. Chem. Phys. },
     year = 1990,
    month = aug,
   volume = 93,
    pages = {2769-2784},
}

     
   
      
@article{
hoover1971,
   Author = {G. Hoover and S. G. Gray and K. W. Johnson},
   Title = {Use of Computer Experiments to Locate the Melting Transition and Calculate the Entropy int the Solid Phase},
   Journal = {J. Chem. Phys.},
   Volume = {55},
   Pages = {1128},
      Year = {1971} }
 
 
  @article{
nose,
   Author = {S. Nos\'{e}},
   Title = {A molecular dynamics methood for simulations in the canonical ensemble.},
   Journal = {Molec. Phys.},
   Volume = {52},
   Pages = {255-268},
      Year = {1984} }
      
@article{
Morishita,
   Author = {T. Morishita},
   Title = {Fluctuation formulas in molecular dynamics simulations with the weak
coupling heat bath.},
   Journal = {J. Chem. Phys.},
   Volume = {113},
   Pages = {2976-2982},
      Year = {2000} }

@article{
simons1999-171,
   Author = {Simons, K. T. and Bonneau, R. and Ruczinski, I. and Baker, D.},
   Title = {Ab initio protein structure prediction of CASP III targets using ROSETTA},
   Journal = {Proteins Suppl 3},
   Pages = {171-176},
      Year = {1999} }
      
      
@article{
lukofke1,
   Author = {N. D. Lu and D. A. Kofke},
   Title = {Accuracy of free-energy perturbation
calculations in molecular simulation. ii. heuristics.},
    Journal = {J. Chem. Phys.},
   Volume = {114},
   Pages = {7303–7311},
      Year = {2001} }

@article{
lukofke2,
   Author = {N. D. Lu and D. A. Kofke},
   Title = {Accuracy of free-energy perturbation
calculations in molecular simulation. i. modeling.},
    Journal = {J. Chem. Phys.},
   Volume = {115},
   Pages = {6866–6875},
      Year = {2001} }
      
@article{
lukofke3,
   Author = {Lu, N. and Kofke, D. A. and Woolf T. B},
   Title = {Staging is more important than
perturbation method for computation of enthalpy and entropy
changes in complex systems.},
    Journal = {J. Phys.  Chem. B},
   Volume = {107},
   Pages = {5598-5611},
      Year = {2003} }
      
    
@article{
Lu2003,
   Author = {N. Lu and J. K. Singh and D. A. Kofke},
   Title = {Appropriate methods to combine forward and reverse free-energy perturbation averages.},
    Journal = {J. Chem. Phys.},
   Volume = {118},
   Pages = {2977-2984},
      Year = {2003} }
      
         
@article{
simons1999-82,
   Author = {Simons, K. T. and Ruczinski, I. and Kooperberg, C. and Fox, B. A. and Bystroff, C. and Baker, D.},
   Title = {Improved recognition of native-like protein structures using a combination of sequence-dependent and sequence-independent features of proteins},
   Journal = {Proteins},
   Volume = {34},
   Pages = {82-95},
      Year = {1999} }

      
@article{
beeman,
   Author = {D. Beeman},
   Title = {Some Multistep Methods for Use in Molecular Dynamics Calculations},
    Journal = {J. Comp. Phys.},
   Volume = {20},
   Pages = {130-139},
      Year = {1976} }


@BOOK{quarrie1976,
   author = "McQuarrie, D. A.",
   title = "Statistical Mechanics",
   publisher = "Harper and Row",
   year = 1976
   }
   
@BOOK{Chandler,
   author = "D. Chandler",
   title = "Introduction to Modern Statistical Mechanics",
   publisher = "Oxford University Press",
   year = 1987
   }
   
@BOOK{Atkins,
   author = "P. W. Atkins",
   title = "Physical Chemistry",
   publisher = "Oxford University Press",
   year = 1978
   }


@article{
hinsen2000,
   Author = {K. Hinsen},
   Title = {The molecular modeling toolkit: A new approach to molecular simulations},
   Journal = {J. Comp. Chem. },
   Volume = {21},
   Pages = {79-85},
      Year = {2000} }

@article{
still1990-6127,
   Author = {Still, W. C. and Tempczyk, A. and Hawley, R. C. and Hendrickson, T.},
   Title = {Semianalytical Treatment of Solvation for Molecular Mechanics and Dynamics},
   Journal = {J. Am. Chem. Soc.},
   Volume = {112},
   Pages = {6127},
      Year = {1990} }


@article{
ball2000,
   Author = {O. Kohlbacher and H. Lenhof},
   Title = {BALL - rapid software prototyping in computational molecular biology},
   Journal = {Bioinformatics},
   Volume = {16},
   Pages = {815-824},
      Year = {2000} }

@article{
beazley,
   Author = {D. M. Beazley},
   Title = {Using SWIG to Control, Prototype, and Debug C Programs with Python},
   Journal = {Proceedings of the 4th International Python Conference,Lawrence Livermore National Laboratory},
      Year = {1996} }



@article{
strajbl2000-4578,
   Author = {\v{S}trajbl, M. and Sham, Y. Y. and Villa, J. and Chu, Z. T. and Warshel, A.},
   Title = {Calculations of Activation Entropies of Chemical Reactions in Solution},
   Journal = {J. Phys. Chem. B},
   Volume = {104},
   Number = {18},
   Pages = {4578-4584},
      Year = {2000} }




@article{
street1999-9074,
   Author = {Street, A. G. Mayo S. L.},
   Title = {Intrinsic b-sheet propensities result from van der Waals interactions between side chains and the local backbone},
   Journal = {Proc. Natl. Acad. Sci. USA},
   Volume = {96},
   Pages = {9074Ã¢â‚¬â€œ9076},
      Year = {1999} }




@article{
sugita1999-141,
   Author = {Sugita, Y. and Okamoto, Y.},
   Title = {Replica-exchange molecular dynamics method for protein folding},
   Journal = {Chem. Phys. Lett.},
   Volume = {314},
   Pages = {141},
      Year = {1999} }
      
 
@article{
Hukushima1996,
   Author = {K. Hukushima and K. Nemoto},
   Title = {Exchange Monte Carlo Method and Application to Spin Glass Simulations},
   Journal = {J. Phys. Soc. Japan },
   Volume = {65},
   Pages = {1604-1608},
      Year = {1996} }
      
          
@article{
wenzelstun,
   Author = {W. Wenzel and K. Hamacher},
   Title = {Stochastic Tunneling Approach for Global Minimization of Complex Potential Energy Landscapes},
   Journal = {Phys. Rev. Lett.},
   Volume = {82},
   Pages = {3003-3007},
      Year = {1999} }
      
   
   
@phdthesis{ jonrea,
Author = {Jon Rea},
Title = {ARCUS - Development of an Automated and Hierarchical Ab Initio Protein Loop Modelling Methodology},
School = {University of Bristol},
Year = {2007},
Type = {{PhD} in {B}iochemistry}
}           


   
@phdthesis{ allanbrewer,
Author = {Allan Brewer},
Title = {Development of Torsional Minimisation Algorithms},
School = {University of Bristol},
Year = {2005},
Type = {{PhD} in {B}iochemistry}
}           

    
   

@article{
torrie1977-187,
   Author = {Torrie, G. M. and Valleau, J. P.},
   Title = {Nonphysical sampling distributions in Monte Carlo free Energy estimation: Umbrella sampling},
   Journal = {J. Comp. Chem.},
   Volume = {23},
   Pages = {187-199},
      Year = {1977} }




@article{
vangunsteren2002-3113,
   Author = {van Gunsteren, W. F. and Daura, X. and Mark, A. E.},
   Title = {Computation of free energy},
   Journal = {Helv. Chim. Acta},
   Volume = {85},
   Pages = {3113-3129},
      Year = {2002} }





@article{
venclovas2003-585,
   Author = {Venclovas, C. and Zemla, A. and Fidelis, K. and Moult, J.},
   Title = {Assessment of Progress Over the CASP Experiments},
   Journal = {Proteins},
   Volume = {53},
   Pages = {585-595},
      Year = {2003} }




@article{
verlet1967-98,
   Author = {Verlet, L.},
   Journal = {Phys. Rev.},
   Volume = {159},
   Pages = {98},
      Year = {1967} }




@article{
villa2000-11899,
   Author = {Villa, J. and Strajbl, M. and Glennon, T. M. and Sham, Y. Y. and Chu, Z. T. and Warshel, A.},
   Title = {How important are entropic contributions to enzyme catalysis?},
   Journal = {Proc Natl Acad Sci U S A.},
   Volume = {97},
   Number = {22},
   Pages = {11899-11904},
      Year = {2000} }




@article{
vorobjev1998-399,
   Author = {Vorobjev, Y. N. and Almagro, J. C. and Hermans, J.},
   Title = {Discrimination Between Native and Intentionally Misfolded Conformations of Proteins: ES/IS, a New Method for Calculating Conformational Free Energy That Uses Both Dynamics Simulations With an Explicit Solvent and an Implicit Solvent Continuum Model},
   Journal = {Proteins},
   Volume = {32},
   Pages = {399-413},
      Year = {1998} }




@article{
w1995-5179,
   Author = {W. D. Cornell and P. Cieplak and  C. I. Bayly and  I. R. Gould and  K. M. Merz Jr. and D. M. Ferguson and  D. C. Spellmeyer and  T. Fox and  J. W. Caldwell and P. A. Kollman},
   Title = {A Second Generation Force Field for the Simulation of Proteins, Nucleic Acids, and Organic Molecules},
   Journal = {J. Am. Chem. Soc.},
   Volume = {117},
   Pages = {5179-5197},
      Year = {1995} }



@article{
ward2003-1650,
   Author = {Ward, J. J. and  McGuffin, L. J. and  Buxton, B. F. and Jones, D. T.},
   Title = {Secondary structure prediction using support vector machines},
   Journal = {Bioinformatics},
   Volume = {19},
   Pages = {1650-1655},
      Year = {2003} }




@article{
warshel1976-227,
   Author = {Warshel, A. and Levitt, M.},
   Title = {Theoretical studies of enzymic reactions: dielectric, electrostatic and steric stabilization of the carbonium ion in the reaction of lysozyme},
   Journal = {J. Mol. Biol.},
   Volume = {103},
   Pages = {227},
      Year = {1976} }




@article{
woo2005-6825,
   Author = {Woo, H. J. and Roux, B.},
   Title = {Calculation of absolute protein-ligand binding free energy from computer simulations},
   Journal = {Proc. Natl. Acad. Sci. USA.},
   Volume = {102},
   Pages = {6825-6830},
      Year = {2005} }



@article{
zerellar2000-2142,
   Author = {Zerella, R. and Chen, P. Y. and Evans, P. A. and Raine, A. and Williams, D. H.},
   Title = {Structural characterization of a mutant peptide derived from ubiquitin: implications for protein folding},
   Journal = {Protein Sci.},
   Volume = {9},
   Number = {11},
   Pages = {2142-50},
      Year = {2000} }




@article{
zhang1996-433,
   Author = {Zhang, L. and Hermans, J.},
   Title = {Hydrophilicity of cavities in proteins},
   Journal = {Proteins},
   Volume = {24},
   Pages = {433-438},
      Year = {1996} }




@article{
zhang2003-9071,
   Author = {Zhang, W. and Hou, T. and Qiao, X. and Xu, X.},
   Title = {Parameters for the Generalized Born Model Consistent with RESP Atomic Partial Charge Assignment Protocol},
   Journal = {J. Phys. Chem. B},
   Volume = {107},
   Pages = {9071-9078},
      Year = {2003} }




@article{
zhou1997-9185,
   Author = {Zhou, R. and  Berne B. J.},
   Title = {Smart walking: A new method for Boltzmann sampling of protein conformations},
   Journal = {J. Chem. Phys.},
   Volume = {107},
   Number = {21},
   Pages = {9185},
      Year = {1997} }




@article{
zwanzig1954-1420,
   Author = {Zwanzig, R. W.},
   Title = {High-temperature equation of state by a perturbation method 1. Nonpolar gases},
   Journal = {J. Chem. Phys.},
   Volume = {22},
   Pages = {1420-1426},
      Year = {1954} }




@article{
thiele1963,
   Author = { Thiele, E.},
   Title = {Equation of State for Hard Spheres},
   Journal = {J. Chem. Phys.},
   Volume = {39},
   Pages = {474-479},
      Year = {1963} }

@article{
rosenbluth1954,
   Author = {Rosenbluth, M. N.  and Rosenbluth, A. },
   Title = {Further Results on Monte Carlo Equations of State},
   Journal = {J. Chem. Phys.},
   Volume = {22},
   Pages = {881-884 },
      Year = {1954} }
      
@article{
alder1957,
   Author = {Alder, B. J. and Wainwright,  T. E. },
   Title = {Phase Transition for a Hard Sphere System},
   Journal = {J. Chem. Phys.},
   Volume = {27},
   Pages = {1208-1209  },
      Year = {1957} }
      
     
@article{
wood1957,
   Author = {Wood, W. W. and Jacobson, J. D.  },
   Title = {Preliminary Results from a Recalculation of the Monte Carlo Equation of State of Hard Spheres},
   Journal = {J. Chem. Phys.},
   Volume = {27},
   Pages = {1207-1208  },
      Year = {1957} }
      
     
@article{
hoover1968,
   Author = {Hoover, W. G.  and Ree, F. H.   },
   Title = {Melting Transition and Communal Entropy for Hard Spheres},
   Journal = {J. Chem. Phys.},
   Volume = {49},
   Pages = {3609 },
      Year = {1968} }
  
  
  
      
@article{
levesque1969,
   Author = {Levesque, D. and Verlet, L.   },
   Title = {Melting Transition and Communal Entropy for Hard Spheres},
   Journal = {Phys. Rev.},
   Volume = {182},
   Pages = {307-316},
      Year = {1969} }

@article{
hansen1969,
   Author = {Hansen, J. P. and Verlet  , L.},
   Title = {Phase Transitions of the Lennard-Jones System},
   Journal = {Phys. Rev.},
   Volume = {184},
   Pages = {151},
      Year = {1969} }
      
@article{
hansen1970,
   Author = {Hansen, J. P. },
   Title = {Phase Transitions of the Lennard-Jones System II. High Temperature Limit},
   Journal = {Phys. Rev. A},
   Volume = {2},
   Pages = {221},
   Year = {1970} 
 }
 
 
 @article{
hoover1970,
   Author = {Hoover, W. G. and Ross, M. and Johnson, K. W. and Henderson, D. and Barker, J. A and Brown, B. C. },
   Title = {Soft-Sphere Equation of State},
   Journal = { J . Chem. Phys.},
   Volume = {52},
   Pages = {4931-4941 },
   Year = {1970} 
 }     
                    

 @article{
 patey1973,
   Author = {Patey, G. N. and Valleau, J. P.},
   Title = {The Free Energy of Spheres with Dipoles:
Monte Carlo with Multistage Sampling},
   Journal = {Chem. Phys. Lett.},
   Volume = {21},
   Pages = {297-300},
   Year = {1973} 
 }     
  
 @article{
quintana1992,
   Author = {Quintana, J. and Haymet, A. D. J.  },
   Title = {The chemical potential of water: molecular dynamics computer simulation of the CF and SPC models},
   Journal = {Chem. Phys. Lett.},
   Volume = {189},
   Pages = {273-278 },
   Year = {1992} 
 }     
      

@article{    
hermans1988,
   Author = { Hermans,J. and Pathiaseril, A.  and Anderson , A. },
   Title = {Excess free energy of liquids from molecular dynamics simulation. Application to water models.},
   Journal = {J. Am. Chem. Soc. },
   Volume = {110},
   Pages = {5982},
   Year = {1988} 
 }        

@article{    
torrie1974,
   Author = { Torrie, G. M. and Valleau, J. P. },
   Title = {Monte Carlo Free Energy Estimates using Non-Boltzmann sampling: Application to the sub-critical Lennard-Jones Fluid},
   Journal = {Chem. Phys. Lett. },
   Volume = {28},
   Pages = {578},
   Year = {1974} 
 }        

@article{    
Mobley2006,
   Author = {D. L. Mobley and J. D. Chodera and K. Dill},
   Title = {On the use of orientational restraints and symmetry corrections in alchemical energy calculations},
   Journal = { J. Chem. Phys},
   Volume = {125},
   Pages = {084902},
   Year = {2006} 
 }        


@article{    
Meiro1,
   Author = { S. Cheluvaraja and H. Meirovitch},
   Title = {Simulation method for calculating the entropy and free energy of peptides and proteins},
   Journal = {Proc. Natl. Acad. Sci. USA },
   Volume = {101},
   Pages = {9241–-9246},
   Year = {2004} 
 }        

@article{    
Meiroold,
   Author = { H. Meirovitch},
   Title = {Methods for estimating entropy with computer simulation: the simple cubic Ising lattice},
   Journal = {J. Phys. A },
   Volume = {16},
   Pages = {839-848},
   Year = {1983} 
 }    

@article{    
white2006_1,
   Author = { White, R. P. and  Meirovitch, H. },
   Title = {Free volume hypothetical scanning molecular dynamics method for the absolute free energy of liquids},
   Journal = {J. Chem. Phys. },
   Volume = {124},
   Pages = {204108},
   Year = {2006} 
 }        

@article{    
white2004_1,
   Author = { White, R. P. and  Meirovitch, H. },
   Title = {Lower and upper bounds for the absolute free energy by the hypothetical scanning Monte Carlo method: Application to liquid argon and water},
   Journal = {J. Chem. Phys. },
   Volume = {121},
   Pages = {10889-10904},
   Year = {2004} 
 }        

 
@article{    
white2004_2,
   Author = { White, R. P. and  Meirovitch, H. },
   Title = {A simulation method for calculating the absolute entropy and free energy of fluids: Application to liquid argon and water},
   Journal = {Proc. Natl. Acad. Sci. USA },
   Volume = {101},
   Pages = {9235-9240},
   Year = {2004} 
 }        
 
@article{
li1988,
   Author = {Z. Li and H. A. Scheraga },
   Title = {Monte Carlo Recursion Evaluation of Free Energy},
   Journal = {J. Phys. Chem.},
   Volume = {92},
   Pages = {2633-2636},
   Year = {1988} 
}
 
@article{    
szarecka_2003,
   Author = { Szarecka, A. and  White, R. P. and  Meirovitch, H. },
   Title = {Absolute entropy and free energy of fluids using the hypothetical scanning method. I. Calculation of transition probabilities from local grand canonical partition functions.},
   Journal = {J. Chem. Phys. },
   Volume = {119},
   Pages = {12084-12095},
   Year = {2003} 
 }        



@article{    
kuhn_1955,
   Author = {Kuhn, H. W. },
   Title = {The Hungarian method for the assignment problem},
   Journal = {Naval Research Logistics Quarterly},
   Volume = {2},
   Pages = {83–87},
   Year = {1955} 
 }        


@article{    
kuhn_1956,
   Author = {Kuhn, H. W. },
   Title = {Variants of the Hungarian method for assignment problems},
   Journal = {Naval Research Logistics Quarterly},
   Volume = {3},
   Pages = {253-258},
   Year = {1956} 
 }        


@article{    
kuhn_2005,
   Author = {Kuhn, H. W. },
   Title = {The Hungarian method for the assignment problem},
   Journal = {Naval Research Logistics},
   Volume = {52},
   Pages = {7–21},
   Year = {2005} 
 }        

@article{    
munkres_1957,
   Author = {J. Munkres },
   Title = {Algorithms for the Assignment and Transportation Problems},
   Journal = {J. Soc. Ind. Appl. Math.},
   Volume = {5},
   Pages = {32-38},
   Year = {1957} 
 }        


@article{    
jvc_1987,
   Author = {R. Jonker and A. Volgenant },
   Title = {A Shortest Augmenting Path Algorithm for Dense and Sparse Linear Assignment Problems},
   Journal = {Computing},
   Volume = {38},
   Pages = {325- 340},
   Year = {1987} 
 }        




@article{    
steinbach_1994,
   Author = {P. J. Steinbach and B. R. Brooks},
   Title = {New Spherical-Cutoff Methods for Long-Range Forces in Macromolecular Simulation},
   Journal = {J. Comp. Chem.},
   Volume = {15},
   Pages = {667-683},
   Year = {1994} 
 }     


@article{    
zacharias_1994,
   Author = {M. Zacharias and  T. P. Straatsma and J. A. McCammon},
   Title = {Separation-shifted scaling, a new scaling method for Lennard-Jones interactions in thermodynamic integration},
   Journal = {J. Chem. Phys.},
   Volume = {100},
   Pages = {9025-9031},
   Year = {1994} 
 }     

@article{    
mtyka_2006,
   Author = {M. D. Tyka and A. R. Clarke and R. B. Sessions },
   Title = {An Efficient, Path-Independent Method for Free-Energy Calculations},
   Journal = {J. Phys. Chem. B},
   Volume = {34},
   Pages = {17212-17220},
   Year = {2006}
 }     
 
@article{
spsp03,
   Author = {M. R. Shirts and J. W. Pitera and W. C. Swope and V. S. Pande.},
   Title = {Extremely precise free energy calculations of amino acid side chain analogs: Comparison of common molecular mechanics force fields for proteins.},
   Journal = {J. Chem. Phys. B},
   Volume = {119},
   Pages = {5740-5761},
   Year = {2003}
 }  

 
@article{
manxane,
   Author = {R. B. Sessions and D. J. Osguthorpe and P. Dauber-Osguthorpe},
   Title = {Conformational flexibility of manxane revealed by adiabatic mapping, normal-mode analysis, and molecular dynamics.},
   Journal = {J. Phys. Chem. },
   Volume = {119},
   Pages = {9034-9044},
   Year = {1995}
 }  



    
@BOOK{
at87,
   Author = {M. P. Allen and D. J. Tildesley},
   Title = {Computer Simulation of Liquids},
   publisher = {Oxford University Press, New York},
   Year = {1987}
 }     


@article{
jorgen1983,
   Author = {W. L. Jorgensen and J. Chandrasekhar and  J. D. Madura and  R. W. Impey and M. L. Klein},
   Title = {Comparison of Simple Potential Functions for Simulating Liquid Water},
   Journal = {J. Chem. Phys.},
   Volume = {79},
   Pages = {926},
   Year = {1983}
 }  

@article{
jorgen2000,
   Author = {W. Mahoney and W. L. Jorgensen},
   Title = {A five-site model for liquid water and the reproduction of the density anomaly by rigid, nonpolarizable potential functions},
   Journal = {J. Chem. Phys.},
   Volume = {112},
   Pages = {8910},
   Year = {2000}
 }  
  

@article{
brened1981book,
   Author = {H. J. C. Berendsen and J. P. M. Postma and W. F. van Gunsteren and  P. A. Kollman and J. Hermans and  R. Dixon and  W. Cornell and  T. Fox and  C. Chipot  and A. Pohorille},
   Title = {Intermolecular forces},
   Journal = {In A. Wilkinson, P. Weiner, and W. F. van Gunsteren, editors,Reidel, Dordrecht
},
   Volume = {3},
   Pages = {331 },
   Year = {1981}
 }   
 
 

@article{    
Stillinger_1994,
   Author = {F. H. Stillinger and A. Rahman},
   Title = {Separation-shifted scaling, a new scaling method for Lennard-Jones interactions in thermodynamic integration},
   Journal = {J. Chem. Phys. },
   Volume = {68},
   Pages = {666},
   Year = {1978} 
 }     
 
